@ARTICLE{GW170817,
       author = {{Abbott}, B.~P. and {Abbott}, R. and {Abbott}, T.~D. and {Acernese}, F.
        and {Ackley}, K. and {Adams}, C. and {Adams}, T. and {Addesso},
        P. and {Adhikari}, R.~X. and {Adya}, V.~B. and {Affeldt}, C. and
        {Afrough}, M. and {Agarwal}, B. and {Agathos}, M. and
        {Agatsuma}, K. and {Aggarwal}, N. and {Aguiar}, O.~D. and
        {Aiello}, L. and {Ain}, A. and {Ajith}, P. and {Allen}, B. and
        {Allen}, G. and {Allocca}, A. and {Altin}, P.~A. and {Amato}, A.
        and {Ananyeva}, A. and {Anderson}, S.~B. and {Anderson}, W.~G.
        and {Angelova}, S.~V. and {Antier}, S. and {Appert}, S. and
        {Arai}, K. and {Araya}, M.~C. and {Areeda}, J.~S. and {Arnaud},
        N. and {Arun}, K.~G. and {Ascenzi}, S. and {Ashton}, G. and
        {Ast}, M. and {Aston}, S.~M. and {Astone}, P. and others},
        title = "{GW170817: Observation of Gravitational Waves from a Binary Neutron Star
        Inspiral}",
      journal = {\prl},
     keywords = {General Relativity and Quantum Cosmology, Astrophysics - High Energy
        Astrophysical Phenomena},
         year = 2017,
        month = Oct,
       volume = {119},
          eid = {161101},
        pages = {161101},
          doi = {10.1103/PhysRevLett.119.161101},
       adsurl = {https://ui.adsabs.harvard.edu/#abs/2017PhRvL.119p1101A},
      adsnote = {Provided by the SAO/NASA Astrophysics Data System}
}

@ARTICLE{GW170817-H0,
       author = {{Abbott}, B.~P. and {Abbott}, R. and {Abbott}, T.~D. and {Acernese}, F.
        and {Ackley}, K. and {Adams}, C. and {Adams}, T. and {Addesso},
        P. and {Adhikari}, R.~X. and {Adya}, V.~B. and {Affeldt}, C. and
        {Afrough}, M. and {Agarwal}, B. and {Agathos}, M. and
        {Agatsuma}, K. and {Aggarwal}, N. and {Aguiar}, O.~D. and
        {Aiello}, L. and {Ain}, A. and {Ajith}, P. and {Allen}, B. and
        {Allen}, G. and {Allocca}, A. and {Altin}, P.~A. and {Amato}, A.
        and {Ananyeva}, A. and {Anderson}, S.~B. and {Anderson}, W.~G.
        and {Angelova}, S.~V. and {Antier}, S. and {Appert}, S. and
        {Arai}, K. and {Araya}, M.~C. and {Areeda}, J.~S. and {Arnaud},
        N. and {Arun}, K.~G. and {Ascenzi}, S. and {Ashton}, G. and
        {Ast}, M. and {Aston}, S.~M. and {Astone}, P. and others},
        title = "{A gravitational-wave standard siren measurement of the Hubble constant}",
      journal = {\nat},
     keywords = {Astrophysics - Cosmology and Nongalactic Astrophysics},
         year = 2017,
        month = Nov,
       volume = {551},
        pages = {85-88},
          doi = {10.1038/nature24471},
       adsurl = {https://ui.adsabs.harvard.edu/#abs/2017Natur.551...85A},
      adsnote = {Provided by the SAO/NASA Astrophysics Data System}
}
